@misc{ebugs,
  note   = "\url{https://github.com/ConsenSys/smart-contract-best-practices/blob/master/docs/known\_attacks.md}",
}